@book{BR99,
 author = {Baeza-Yates, Ricardo A. and Ribeiro-Neto, Berthier},
 title = {Modern Information Retrieval},
 year = {1999},
 isbn = {020139829X},
 publisher = {Addison-Wesley Longman Publishing Co., Inc.},
 address = {Boston, MA, USA},
}

@article{WSSJ14,
  title={Hashing for similarity search: A survey},
  author={Wang, J. and Shen, H.T. and Song, J. and Ji, J.},
  journal={arXiv preprint arXiv:1408.2927},
  year={2014}
}

@article{MYS12,
  title={Approximative distance computation by random hashing},
  author={Mimaroglu, S. and Yagci, M. and Simovici, D.},
  journal={The Journal of Supercomputing},
  volume={61},
  number={3},
  pages={572--589},
  year={2012},
  publisher={Springer}
}

@inproceedings{LWLKP11,
  title={Scene: a scalable two-stage personalized news recommendation system},
  author={Li, L. and Wang, D. and Li, T. and Knox, D. and Padmanabhan, B.},
  booktitle={Proceedings of the 34th international ACM SIGIR conference on Research and development in Information Retrieval},
  pages={125--134},
  year={2011},
  publisher={ACM}
}

@inproceedings{MS08,
  title={Approximate Computation of Object Distances by Locality-Sensitive Hashing.},
  author={Mimaroglu, S. and Simovici, D.A.},
  booktitle={DMIN},
  pages={714--718},
  year={2008}
}

@inproceedings{DDGR07,
  title={Google news personalization: scalable online collaborative filtering},
  author={Das, A. and Datar, M. and Garg, A. and Rajaram, Shyam},
  booktitle={Proceedings of the 16th international conference on World Wide Web},
  pages={271--280},
  year={2007},
  publisher={ACM}
}

@article{KIW07,
year={2007},
journal={Knowledge and Information Systems},
volume={12},
number={1},
title={Fast agglomerative hierarchical clustering algorithm using Locality-Sensitive Hashing},
publisher={Springer-Verlag},
author={Koga, Hisashi and Ishibashi, Tetsuo and Watanabe, Toshinori},
pages={25-.53}
}

@inproceedings{KIW04,
  title={Fast hierarchical clustering algorithm using locality-sensitive hashing},
  author={Koga, Hisashi and Ishibashi, Tetsuo and Watanabe, Toshinori},
  booktitle={Discovery Science},
  pages={114--128},
  year={2004},
  organization={Springer}
}

@article{BGMZ97,
  title={Syntactic clustering of the web},
  author={Broder, Andrei Z. and Glassman, Steven C. and Manasse, Mark S. and Zweig, Geoffrey},
  journal={Computer Networks and ISDN Systems},
  volume={29},
  number={8},
  pages={1157--1166},
  year={1997},
  publisher={Elsevier}
}

@inproceedings{HGI00,
  title={Scalable techniques for clustering the web},
  author={Haveliwala, Taher and Gionis, Aristides and Indyk, Piotr},
  booktitle={Proceedings of the 3rd International Workshop on the Web and Databases},
  pages={129--134},
  year={2000}
}

%%%%%% Feature hashing
@inproceedings{DKS10,
  title={A sparse {J}ohnson--{L}indenstrauss transform},
  author={Dasgupta, Anirban and Kumar, Ravi and Sarl{\'o}s, Tam{\'a}s},
  booktitle={Proceedings of the 42nd ACM symposium on Theory of computing},
  pages={341--350},
  year={2010},
  organization={ACM}
}

@inproceedings{WDLSA09,
  title={Feature hashing for large scale multitask learning},
  author={Weinberger, Kilian and Dasgupta, Anirban and Langford, John and Smola, Alex and Attenberg, Josh},
  booktitle={Proceedings of the 26th Annual International Conference on Machine Learning},
  pages={1113--1120},
  year={2009},
  organization={ACM}
}

%%%%%% Near duplicate detection task
@inproceedings{MJS07,
  title={Detecting near-duplicates for web crawling},
  author={Manku, Gurmeet Singh and Jain, Arvind and Das Sarma, Anish},
  booktitle={Proceedings of the 16th international conference on World Wide Web},
  pages={141--150},
  year={2007},
  organization={ACM}
}


%%%%%% NN Search
% first in using LSH tables directly.
@incollection{SL12, 
  title={Fast near neighbor search in high-dimensional binary data},
  author={Shrivastava, Anshumali and Li, Ping},
  booktitle={Machine Learning and Knowledge Discovery in Databases},
  pages={474--489},
  year={2012},
  publisher={Springer}
}

@inproceedings{BMS07,
  title={Scaling up all pairs similarity search},
  author={Bayardo, Roberto J. and Ma, Yiming and Srikant, Ramakrishnan},
  booktitle={Proceedings of the 16th international conference on World Wide Web},
  pages={131--140},
  year={2007},
  organization={ACM}
}

@article{CDFGIMUY2001,
  title={Finding interesting associations without support pruning},
  author={Cohen, Edith and Datar, Mayur and Fujiwara, Shinji and Gionis, Aristides and Indyk, Piotr and Motwani, Rajeev and Ullman, Jeffrey D. and Yang, Cheng},
  journal={Knowledge and Data Engineering, IEEE Transactions on},
  volume={13},
  number={1},
  pages={64--78},
  year={2001},
  publisher={IEEE}
}

@inproceedings{GIM99,
  title={Similarity search in high dimensions via hashing},
  author={Gionis, Aristides and Indyk, Piotr and Motwani, Rajeev},
  booktitle={VLDB},
  volume={99},
  pages={518--529},
  year={1999}
}

%%%%%% LSH FUNDAMENTALS
%they demonstrate that minhash overcomes smiths for binary data.
@inproceedings{SL14,
  title={In Defense of Minhash over Simhash},
  author={Shrivastava, Anshumali and Li, Ping},
  booktitle={Proceedings of the Seventeenth International Conference on Artificial Intelligence and Statistics},
  pages={886--894},
  year={2014}
}

@inproceedings{LOZ12, 
  title={One permutation hashing},
  author={Li, Ping and Owen, Art and Zhang, Cun-Hui},
  booktitle={Advances in Neural Information Processing Systems},
  pages={3113--3121},
  year={2012}
}

@article{LK11,
  title={Theory and applications of b-bit minwise hashing},
  author={Li, Ping and K{\"o}nig, Christian},
  journal={Communications of the ACM},
  volume={54},
  number={8},
  pages={101--109},
  year={2011},
  publisher={ACM}
}

@inproceedings{LK10_b,
  title={b-Bit minwise hashing},
  author={Li, Ping and K{\"o}nig, Christian},
  booktitle={Proceedings of the 19th international conference on World wide web},
  pages={671--680},
  year={2010},
  publisher={ACM}
}

@article{AI08,
 author = {Andoni, Alexandr and Indyk, Piotr},
 title = {Near-optimal Hashing Algorithms for Approximate Nearest Neighbor in High Dimensions},
 journal = {Communications of the ACM},
 volume = {51},
 number = {1},
 month = jan,
 year = {2008},
 pages = {117--122},
 numpages = {6},
 publisher = {ACM}
}

@inproceedings{C02,
  title={Similarity estimation techniques from rounding algorithms},
  author={Charikar, Moses S.},
  booktitle={Proceedings of the 34th annual ACM symposium on Theory of computing},
  pages={380--388},
  year={2002},
  publisher={ACM}
}

@article{I01,
  title={A small approximately min-wise independent family of hash functions},
  author={Indyk, Piotr},
  journal={Journal of Algorithms},
  volume={38},
  number={1},
  pages={84--90},
  year={2001},
  publisher={Elsevier}
}

@inproceedings{I00,
  title={Stable distributions, pseudorandom generators, embeddings and data stream computation},
  author={Indyk, Piotr},
  booktitle={Foundations of Computer Science, 2000. Proceedings. 41st Annual Symposium on},
  pages={189--197},
  year={2000},
  publisher={IEEE}
}


@inproceedings{BCFM98,
 author = {Broder, Andrei Z. and Charikar, Moses and Frieze, Alan M. and Mitzenmacher, Michael},
 title = {Min-wise Independent Permutations (Extended Abstract)},
 booktitle = {Proceedings of the 30th Annual ACM Symposium on Theory of Computing},
 series = {STOC '98},
 year = {1998},
 isbn = {0-89791-962-9},
 location = {Dallas, Texas, USA},
 pages = {327--336},
 numpages = {10},
 publisher = {ACM}
} 

@inproceedings{IM98,
  title={Approximate nearest neighbors: towards removing the curse of dimensionality},
  author={Indyk, Piotr and Motwani, Rajeev},
  booktitle={Proceedings of the 30th annual ACM symposium on Theory of computing},
  pages={604--613},
  year={1998},
  publisher={ACM}
}

@INPROCEEDINGS{B97, 
author={Broder, Andrei Z.}, 
booktitle={Compression and Complexity of Sequences 1997. Proceedings}, 
title={On the resemblance and containment of documents}, 
year={1997}, 
month={Jun}, 
pages={21--29}
}


%%% LSH PARAMETER TUNNING
@inproceedings{DWJCL08,
  title={Modeling {LSH} for Performance Tuning},
  author={Dong, Wei and Wang, Zhe and Josephson, William and Charikar, Moses and Li, Kai},
  booktitle={Proceedings of the 17th ACM conference on Information and knowledge management},
  pages={669--678},
  year={2008},
  organization={ACM}
}

@article{SLH12,
  title={Optimal parameters for locality-sensitive hashing},
  author={Slaney, Malcolm and Lifshits, Yury and He, Junfeng},
  journal={Proceedings of the IEEE},
  volume={100},
  number={9},
  pages={2604--2623},
  year={2012},
  publisher={IEEE}
}



%%%%%% books
@book{LRU14,
  title={Mining of massive datasets},
  chapter={3},
  author={Leskovec, Jure and Rajaraman, Anand and Ullman, Jeffrey David},
  year={2014},
  publisher={Cambridge University Press}
}


@book{MRS08,
  title={Introduction to information retrieval},
  author={Manning, Christopher D and Raghavan, Prabhakar and Sch{\"u}tze, Hinrich},
  volume={1},
  year={2008},
  publisher={Cambridge university press Cambridge}
}

% Clustering
@ARTICLE{JP73, 
	author={Jarvis, R.A. and Patrick, Edward A.}, 
	journal={Computers, IEEE Transactions on}, 
	title={Clustering Using a Similarity Measure Based on Shared Near Neighbors}, 
	year={1973}, 
	month={Nov}, 
	volume={C-22}, 
	number={11}, 
	pages={1025-1034}
}

@inproceedings{ZRL96,
  author = {Zhang, T. and Ramakrishnan, R. and Livny, M.},
  title = {BIRCH: an efficient data clustering method for very large databases},
  booktitle = {Proceedings of the 1996 ACM SIGMOD International Conference on Management
	of Data},
  year = {1996},
  series = {SIGMOD '96},
  pages = {103--114},
  publisher = {ACM Press}
}


@inproceedings{AGGR98,
 author = {Agrawal, Rakesh and Gehrke, Johannes and Gunopulos, Dimitrios and Raghavan, Prabhakar},
 title = {Automatic Subspace Clustering of High Dimensional Data for Data Mining Applications},
 booktitle = {Proceedings of the 1998 ACM SIGMOD International Conference on Management of Data},
 series = {SIGMOD '98},
 year = {1998},
 isbn = {0-89791-995-5},
 location = {Seattle, Washington, USA},
 pages = {94--105},
 numpages = {12},
 publisher = {ACM},
 address = {New York, NY, USA},
} 

@inproceedings{AWYPP99,
 author = {Aggarwal, Charu C. and Wolf, Joel L. and Yu, Philip S. and Procopiuc, Cecilia and Park, Jong Soo},
 title = {Fast Algorithms for Projected Clustering},
 booktitle = {Proceedings of the 1999 ACM SIGMOD International Conference on Management of Data},
 series = {SIGMOD '99},
 year = {1999},
 isbn = {1-58113-084-8},
 location = {Philadelphia, Pennsylvania, USA},
 pages = {61--72},
 numpages = {12},
 publisher = {ACM},
 address = {New York, NY, USA},
} 

@inproceedings{GRK99, 
author={Guha, S. and Rastogi, R. and Kyuseok Shim}, 
booktitle={Data Engineering, 1999. Proceedings., 15th International Conference on}, 
title={ROCK: a robust clustering algorithm for categorical attributes}, 
year={1999}, 
month={Mar}, 
pages={512-521}, 
doi={10.1109/ICDE.1999.754967}, 
ISSN={1063-6382}}

@article{AY00,
 author = {Aggarwal, C. and Yu, P.},
 title = {Finding generalized projected clusters in high dimensional spaces},
 journal = {SIGMOD Rec.},
 volume = {29},
 number = {2},
 year = {2000},
 pages = {70--81},
 publisher = {ACM},
 address = {New York, NY, USA},
} 

@inproceedings{BB00,
 author = {Beeferman, Doug and Berger, Adam},
 title = {Agglomerative Clustering of a Search Engine Query Log},
 booktitle = {Proceedings of the 6th ACM SIGKDD International Conference on Knowledge Discovery and Data Mining},
 series = {KDD '00},
 year = {2000},
 isbn = {1-58113-233-6},
 location = {Boston, Massachusetts, USA},
 pages = {407--416},
 numpages = {10},
 url = {http://doi.acm.org/10.1145/347090.347176},
 publisher = {ACM},
 address = {New York, NY, USA},
} 

@inproceedings{SGM00,
  title={Impact of similarity measures on web-page clustering},
  author={Strehl, Alexander and Ghosh, Joydeep and Mooney, Raymond},
  booktitle={Workshop on Artificial Intelligence for Web Search (AAAI 2000)},
  pages={58--64},
  year={2000}
}

@inproceedings{SKK00,
  title={A comparison of document clustering techniques},
  author={Steinbach, Michael and Karypis, George and Kumar, Vipin},
  booktitle={KDD workshop on text mining},
  volume={400},
  pages={525--526},
  year={2000},
  organization={Boston, MA}
}

@inproceedings{ST00,
  title={Document clustering using word clusters via the information bottleneck method},
  author={Slonim, Noam and Tishby, Naftali},
  booktitle={Proceedings of the 23rd annual international ACM SIGIR conference on Research and development in information retrieval},
  pages={208--215},
  year={2000},
  organization={ACM}
}


@inproceedings{GMMO00,
  author = {Guha, S. and Mishra, N. and Motwani, R. and O'Callaghan, L.},
  title = {Clustering data streams},
  booktitle= {Proceedings 41st Annual Symposium on Foundations of Computer Science},
  year = {2000},
  pages = {359--366},
  publisher = {IEEE Computer Society}
}

@inproceedings{S00,
 author = {Schulman, Leonard J.},
 title = {Clustering for Edge-cost Minimization (Extended Abstract)},
 booktitle = {Proceedings of the 32nd Annual ACM Symposium on Theory of Computing},
 series = {STOC '00},
 year = {2000},
 isbn = {1-58113-184-4},
 location = {Portland, Oregon, USA},
 pages = {547--555},
 numpages = {9},
 publisher = {ACM},
 address = {New York, NY, USA},
} 

@techreport{ZK01,
  title={Criterion functions for document clustering: Experiments and analysis},
  author={Zhao, Ying and Karypis, George},
  year={2001},
  institution={Citeseer}
}

@inproceedings{OMMMG02,
  author = {O'Callaghan, L. and Mishra, N. and Meyerson, A. and Guha, S. and Motwani, R.},
  title = {Streaming-data algorithms for high-quality clustering},
  booktitle = {Proceedings 18th International Conference on Data Engineering},
  year = {2002},
  pages = {685--694},
  publisher = {IEEE Computer Society},
  series = {ICDE '02}
}

@inproceedings{H03,
 author = {Houle, Michael E.},
 title = {Navigating Massive Data Sets via Local Clustering},
 booktitle = {Proceedings of the 9th ACM SIGKDD International Conference on Knowledge Discovery and Data Mining},
 series = {KDD '03},
 year = {2003},
 isbn = {1-58113-737-0},
 location = {Washington, D.C.},
 pages = {547--552},
 numpages = {6},
 publisher = {ACM},
 address = {New York, NY, USA},
 keywords = {association, confidence, nearest neighbor, soft clustering},
} 

@article{GMMMO03,
  author = {Guha, S. and Meyerson, A. and Mishra, N. and Motwani, R. and O'Callaghan, L.},
  title = {Clustering Data Streams: Theory and Practice},
  journal = {IEEE Trans. on Knowl. and Data Eng.},
  year = {2003},
  volume = {15},
  pages = {515--528},
  number = {3},
  publisher = {IEEE Educational Activities Department}
}


@inproceedings{AHWY03,
  author = {Aggarwal, C. and Han, J. and Wang, J. and Yu, P.},
  title = {A framework for clustering evolving data streams},
  booktitle = {Proceedings of the 29th international conference on Very large databases},
  year = {2003},
  series = {VLDB '03},
  pages = {81--92},
  publisher = {Morgan Kaufmann}
}


@article{SG03,
  title={Relationship-based clustering and visualization for high-dimensional data mining},
  author={Strehl, Alexander and Ghosh, Joydeep},
  journal={INFORMS Journal on Computing},
  volume={15},
  number={2},
  pages={208--230},
  year={2003},
  publisher={INFORMS}
}

@inproceedings{ESK03,
  title={Finding clusters of different sizes, shapes, and densities in noisy, high dimensional data.},
  author={Ert{\"o}z, Levent and Steinbach, Michael and Kumar, Vipin},
  booktitle={SDM},
  pages={47--58},
  year={2003},
  organization={SIAM}
}

@inproceedings{BRKK04,
  title={Density connected clustering with local subspace preferences},
  author={Bohm, Christian and Railing, K. and Kriegel, H.P. and Kroger, Peer},
  booktitle={Data Mining, 2004. ICDM'04. 4th IEEE International Conference on},
  pages={27--34},
  year={2004},
  organization={IEEE}
}

@article {FM04,
author = {Friedman, J. and Meulman, J.},
title = {Clustering objects on subsets of attributes (with discussion)},
journal = {Journal of the Royal Statistical Society: Series B (Statistical Methodology)},
volume = {66},
number = {4},
publisher = {Blackwell Publishing},
pages = {815--849},
year = {2004},
}

@INPROCEEDINGS{AHWY04,
  author = {Aggarwal, C. and Han, J. and Wang, J. and Yu, P.},
  title = {A framework for projected clustering of high dimensional data streams},
  booktitle = {Proceedings of the 30th international conference on Very large
	data bases},
  year = {2004},
  series = {VLDB '04},
  pages = {852--863},
  publisher = {VLDB Endowment}
}

@article{ZK04,
  title={Empirical and theoretical comparisons of selected criterion functions for document clustering},
  author={Zhao, Ying and Karypis, George},
  journal={Machine Learning},
  volume={55},
  number={3},
  pages={311--331},
  year={2004},
  publisher={Springer}
}

@ARTICLE{RW05, 
    author={Rui Xu and Wunsch, D., II}, 
    journal={Neural Networks, IEEE Transactions on}, 
    title={Survey of clustering algorithms}, 
    year={2005}, 
    month={May}, 
    volume={16}, 
    number={3}, 
    pages={645-678}
}


@inproceedings{ZK05,
  author = {Zhao, Ying and Karypis, George},
  booktitle = {SIAM International Conference on Data Mining},
  pages = {358-369},
  title = {Topic-Driven Clustering for Document Datasets},
  year = {2005}
}

@article{RM06,
title = {Shared farthest neighbor approach to clustering of high dimensionality, low cardinality data },
journal = {Pattern Recognition },
volume = {39},
number = {12},
pages = {2415--2425},
year = {2006},
author = {Rovetta, Stefano and Masulli, Francesco}
}



@inproceedings{SL06,
  author = {Sun, Y. and Lu, Y.},
  title = {A grid-based subspace clustering algorithm for high-dimensional data streams},
  booktitle = {Proceedings of the 7th international conference on Web Information Systems},
  year = {2006},
  series = {WISE'06},
  pages = {37--48},
  publisher = {Springer-Verlag}
}

@article {H08,
author = {Houle, Michael E.},
title = {The Relevant-Set Correlation Model for Data Clustering},
journal = {Statistical Analysis and Data Mining},
volume = {1},
number = {3},
publisher = {Wiley Subscription Services, Inc., A Wiley Company},
issn = {1932-1872},
url = {http://dx.doi.org/10.1002/sam.10013},
doi = {10.1002/sam.10013},
pages = {157--176},
keywords = {clustering, correlation, nearest neighbor, shared neighbor, statistical significance},
year = {2008},
}

@ARTICLE{KKZ09,
  author = {Kriegel, H. and Kr\"{o}ger, P. and Zimek, A.},
  title = {Clustering high-dimensional data: A survey on subspace clustering,
        pattern-based clustering, and correlation clustering},
  journal = {ACM Trans. Knowl. Discov. Data},
  year = {2009},
  volume = {3},
  pages = {1:1--1:58},
  number = {1},
  address = {New York, NY, USA},
  publisher = {ACM}
}



@inproceedings{HKKSZ10,
 author = {Houle, Michael E. and Kriegel, Hans-Peter and Kr\"{o}ger, Peer and Schubert, Erich and Zimek, Arthur},
 title = {Can Shared-neighbor Distances Defeat the Curse of Dimensionality?},
 booktitle = {Proceedings of the 22nd International Conference on Scientific and Statistical Database Management},
 series = {SSDBM'10},
 year = {2010},
 isbn = {3-642-13817-9, 978-3-642-13817-1},
 location = {Heidelberg, Germany},
 pages = {482--500},
 numpages = {19},
 publisher = {Springer-Verlag},
 address = {Berlin, Heidelberg},
} 

@article{LLC11,
title = {Text document clustering based on neighbors},
author = {Luo, Congnan and Li, Yanjun and Chung, Soon M.},
journal = {Data \& Knowledge Engineering},
volume = {68},
number = {11},
pages = {1271--1288},
year = {2009}
}

@inproceedings{AS12,
author = {Abbas, M. A. and Shoukry, A. A.}, 
booktitle = {Information Science, Signal Processing and their Applications (ISSPA), 2012 11th International Conference on}, 
title = {CMUNE: A clustering using mutual nearest neighbors algorithm}, 
year = {2012}, 
month = {July}, 
pages = {1192-1197},
}


@inproceedings{NZPKK12,
  author = {Ntoutsi, I. and Zimek, A. and Palpanas, T. and Kr\"{o}ger, P. and Kriegel, H.},
  title = {Density-based projected clustering over high dimensional data streams},
  booktitle = {Proceedings of SDM '12},
  year = {2012},
  pages = {987--998},
  publisher = {SIAM}
}

@article {A12,
author = {Assent, Ira},
title = {Clustering high dimensional data},
journal = {Wiley Interdisciplinary Reviews: Data Mining and Knowledge Discovery},
volume = {2},
number = {4},
publisher = {John Wiley & Sons, Inc.},
issn = {1942-4795},
url = {http://dx.doi.org/10.1002/widm.1062},
doi = {10.1002/widm.1062},
pages = {340--350},
year = {2012},
}

@incollection{HSGS12,
  title={Density-based projected clustering of data streams},
  author={Hassani, Marwan and Spaus, Pascal and Gaber, Mohamed Medhat and Seidl, Thomas},
  booktitle={Scalable Uncertainty Management},
  pages={311--324},
  year={2012},
  publisher={Springer}
}

@article{AMRSLS12,
 author = {Ackermann, Marcel R. and M\"{a}rtens, Marcus and Raupach, Christoph and Swierkot, Kamil and Lammersen, Christiane and Sohler, Christian},
 title = {StreamKM++: A Clustering Algorithm for Data Streams},
 journal = {J. Exp. Algorithmics},
 issue_date = {2012},
 volume = {17},
 month = may,
 year = {2012},
 publisher = {ACM},
 address = {New York, NY, USA}
} 

@article{KN14,
 author = {Kriegel, Hans-Peter and Ntoutsi, Eirini},
 title = {Clustering High Dimensional Data: Examining Differences and Commonalities Between Subspace Clustering and Text Clustering - a Position Paper},
 journal = {SIGKDD Explor. Newsl.},
 issue_date = {December 2013},
 volume = {15},
 number = {2},
 month = jun,
 year = {2014},
 pages = {1--8},
 numpages = {8},
 publisher = {ACM},
 address = {New York, NY, USA}
} 

%%% Otros no tan relacionados
%DBSCAN
@inproceedings{EKSX96, 
  author = {Ester, Martin and Kriegel, Hans-Peter and Sander, J{\"o}rg and Xu, Xiaowei},
  title = {A density-based algorithm for discovering clusters in large spatial databases with noise.},
  booktitle = {Proceedings of the 1996 International Conference on Knowledge Discovery and Data Mining},
  series = {KDD-96},
  year = {1996},
  volume = {96},
  pages = {226--231},
  publisher = {AAAI Press}
}


% OPTICS
@inproceedings{ABKS99, 
 author = {Ankerst, Mihael and Breunig, Markus M. and Kriegel, Hans-Peter and Sander, J\"{o}rg},
 title = {OPTICS: Ordering Points to Identify the Clustering Structure},
 booktitle = {Proceedings of the 1999 ACM SIGMOD International Conference on Management of Data},
 series = {SIGMOD '99},
 year = {1999},
 isbn = {1-58113-084-8},
 location = {Philadelphia, Pennsylvania, USA},
 pages = {49--60},
 numpages = {12},
 url = {http://doi.acm.org/10.1145/304182.304187},
 doi = {10.1145/304182.304187},
 acmid = {304187},
 publisher = {ACM},
 address = {New York, NY, USA},
 keywords = {cluster analysis, database mining, visualization},
}


@incollection{BGRS99,
  title={When is “nearest neighbor” meaningful?},
  author={Beyer, Kevin and Goldstein, Jonathan and Ramakrishnan, Raghu and Shaft, Uri},
  booktitle={Database Theory—ICDT’99},
  pages={217--235},
  year={1999},
  publisher={Springer}
}

@book{AHK01,
  title={On the surprising behavior of distance metrics in high dimensional space},
  author={Aggarwal, Charu C. and Hinneburg, Alexander and Keim, Daniel A.},
  year={2001},
  publisher={Springer}
}

@book{B06,
  title={Pattern recognition and machine learning},
  author={Bishop, Christopher},
  volume={4},
  year={2006},
  publisher={Springer New York}
}

@inproceedings{MMO09,
  title={On single-pass indexing with MapReduce},
  author={McCreadie, Richard and Macdonald, Craig and Ounis, Iadh},
  booktitle={Proceedings of the 32nd international ACM SIGIR conference on Research and development in information retrieval},
  pages={742--743},
  year={2009},
  organization={ACM}
}

@article{SK11,
 title={Scikit-learn: Machine Learning in {P}ython},
 author={Pedregosa, F. and Varoquaux, G. and Gramfort, A. and Michel, V.
         and Thirion, B. and Grisel, O. and Blondel, M. and Prettenhofer, P.
         and Weiss, R. and Dubourg, V. and Vanderplas, J. and Passos, A. and
         Cournapeau, D. and Brucher, M. and Perrot, M. and Duchesnay, E.},
 journal={Journal of Machine Learning Research},
 volume={12},
 pages={2825--2830},
 year={2011}
}

%%% Stream data
@article{GM99,
  title={Synopsis data structures for massive data sets},
  author={Gibbons, Phillip B. and Matias, Yossi},
  journal={External memory algorithms},
  volume={50},
  pages={39--70},
  year={1999},
  publisher={Am. Math. Soc Providence}
}
@inproceedings{HRR99,
  title={Computing on data streams},
  author = {Henzinger, Monika R. and Raghavan, Prabhakar and Rajagopalan, Sridhar},
  booktitle={External Memory Algorithms: DIMACS Workshop External Memory and Visualization, May 20-22, 1998},
  volume={50},
  pages={107},
  year={1999},
  publisher = {American Mathematical Society},
}


@article{AL99,
 author = {Albers, Susanne and Leonardi, Stefano},
 title = {On-line Algorithms},
 journal = {ACM Computing Surveys},
 issue_date = {Sept. 1999},
 volume = {31},
 number = {3},
 month = sep,
 year = {1999},
 issn = {0360-0300},
 url = {http://doi.acm.org/10.1145/333580.333583},
 publisher = {ACM},
 address = {New York, NY, USA},
} 

% en realidad debiera ser P97
@incollection{P80,
 author = {Porter, M. F.},
 title = {An Algorithm for Suffix Stripping},
 booktitle = {Readings in Information Retrieval},
 editor = {Sparck Jones, Karen and Willett, Peter},
 year = {1997},
 isbn = {1-55860-454-5},
 pages = {313--316},
 publisher = {Morgan Kaufmann Publishers Inc.},
 address = {San Francisco, CA, USA},
} 


@inproceedings{LU11,
  title={A concave regularization technique for sparse mixture models},
  author={Larsson, Martin O. and Ugander, Johan},
  booktitle={Advances in Neural Information Processing Systems},
  pages={1890--1898},
  year={2011}
}

@InProceedings{EAX11,
  author =    {Eisenstein, Jacob and Ahmed, Amr and Xing, Eric},
  title =     {Sparse Additive Generative Models of Text },
  booktitle = {Proceedings of the 28th International Conference on Machine Learning (ICML-11)},
  series =    {ICML '11},
  year =      {2011},
  location =  {Bellevue, Washington, USA},
  isbn =      {978-1-4503-0619-5},
  publisher = {ACM},
  address =   {New York, NY, USA},
  pages=      {1041--1048},
}

@article{CC14,
title={Bayesian Sparse Topic Model},
author={Chien, Jen-Tzung and Chang, Ying-Lan},
year={2014},
issn={1939-8018},
journal={Journal of Signal Processing Systems},
volume={74},
number={3},
doi={10.1007/s11265-013-0759-x},
publisher={Springer US},
pages={375-389}
}

@book{S71,
 author = {Salton, G.},
 title = {The SMART Retrieval System--Experiments in Automatic Document Processing},
 year = {1971},
 publisher = {Prentice-Hall, Inc.},
 address = {Upper Saddle River, NJ, USA},
} 

@article{S66,
  title={The SMART system--retrieval results and future plans},
  author={Salton, Gerard},
  journal={Information Storage and Retrieval},
  pages={1--9},
  year={1966},
  publisher={Citeseer}
}


@inproceedings{HBGGHKKMM98,
 author = {Han, Eui-Hong and Boley, Daniel and Gini, Maria and Gross, Robert and Hastings, Kyle and Karypis, George and Kumar, Vipin and Mobasher, Bamshad and Moore, Jerome},
 title = {WebACE: A Web Agent for Document Categorization and Exploration},
 booktitle = {Proceedings of the Second International Conference on Autonomous Agents},
 series = {AGENTS '98},
 year = {1998},
 isbn = {0-89791-983-1},
 location = {Minneapolis, Minnesota, USA},
 pages = {408--415},
 numpages = {8},
 publisher = {ACM},
 address = {New York, NY, USA},
} 

@inproceedings{HBLH94,
  title={OHSUMED: An interactive retrieval evaluation and new large test collection for research},
  author={Hersh, William and Buckley, Chris and Leone, TJ and Hickam, David},
  booktitle={SIGIR '94},
  pages={192--201},
  year={1994},
  organization={Springer}
}

%%% HUBNESS

@article{RNI10,
  title={Hubs in space: Popular nearest neighbors in high-dimensional data},
  author={Radovanovi{\'c}, Milo{\v{s}} and Nanopoulos, Alexandros and Ivanovi{\'c}, Mirjana},
  journal={The Journal of Machine Learning Research},
  volume={11},
  pages={2487--2531},
  year={2010},
  publisher={JMLR. org}
}


@article{SFSW12,
 author = {Schnitzer, Dominik and Flexer, Arthur and Schedl, Markus and Widmer, Gerhard},
 title = {Local and Global Scaling Reduce Hubs in Space},
 journal = {The Journal of Machine Learning Research},
 issue_date = {January 2012},
 volume = {13},
 number = {1},
 month = oct,
 year = {2012},
 issn = {1532-4435},
 pages = {2871--2902},
 publisher = {JMLR.org}
} 


@ARTICLE{TRMI14, 
author={Tomasev, N. and Radovanovi{\'c}, Milo{\v{s}} and Mladenic, D. and Ivanovi{\'c}, Mirjana}, 
journal={Knowledge and Data Engineering, IEEE Transactions on}, 
title={The Role of Hubness in Clustering High-Dimensional Data}, 
year={2014}, 
month={March}, 
volume={26}, 
number={3}, 
pages={739-751}, 
doi={10.1109/TKDE.2013.25}, 
ISSN={1041-4347},}


% Distributed clustering
@article{XJK99,
author = {Xu, X and J{\"{a}}ger, J and Kriegel, Hp},
doi = {10.1023},
eprint = {1009884809343},
file = {:Volumes/SSDII/Users/jz/juan.zamora@uv.cl/Research - Distributed-Parallel Clustering/1999{\_}XJK99{\_}PDBSCAN.pdf:pdf},
journal = {High Performance Data Mining},
keywords = {clustering algorithms,distributed,distributed algorithms,index structures,parallel algorithms,scalable data mining,spatial databases},
pages = {263--290},
title = {{A fast parallel clustering algorithm for large spatial databases}},
url = {http://link.springer.com/chapter/10.1007/0-306-47011-X{\_}3},
volume = {290},
year = {2002}
}

@article{DM99,
abstract = {To cluster increasingly massive data sets that are common today in data and text mining, we propose a parallel implementation of the k-means clustering algorithm based on the message passing model. The proposed algorithm exploits the inherent data-parallelism in the k-means algorithm. We analytically show that the speedup and the scaleup of our algorithm approach the optimal as the number of data points increases. We implemented our algorithm on an IBM POWERparallel SP2 with a maximum of 16 nodes. On typical test data sets, we observe nearly linear relative speedups, for example, 15.62 on 16 nodes, and essentially linear scaleup in the size of the data set and in the number of clusters desired. For a 2 gigabyte test data set, our implementation drives the 16 node SP2 at more than 1,8 gigaflops.},
author = {Dhillon, Inderjit S and Modha, Dharmendra S},
doi = {10.1007/3-540-46502-2},
issn = {16113349},
journal = {LargeScale Parallel Data Mining},
keywords = {data mining,k -means,massive data sets,message-passing,text mining},
number = {802},
pages = {245--260},
title = {{A data-clustering algorithm on distributed memory multiprocessors}},
volume = {1759},
year = {1999}
}

@article{FZ00,
author = {Forman, George and Zhang, Bin},
doi = {10.1145/380995.381010},
file = {:Volumes/SSDII/Users/jz/juan.zamora@uv.cl/Research - Distributed-Parallel Clustering/2000{\_}FZ00{\_}dist{\_}clustering{\_}efficient{\_}exact.pdf:pdf},
issn = {1931-0145},
journal = {ACM SIGKDD Explorations Newsletter},
keywords = {data mining,databases,distributed computing,multidimensional data clustering,parallel algorithms,very large},
number = {2},
pages = {34--38},
title = {{Distributed data clustering can be efficient and exact}},
url = {http://portal.acm.org/citation.cfm?id=380995.381010},
volume = {2},
year = {2000}
}

@article{JK00,
author = {Johnson, E.L. and Kargupta, H.},
file = {:Volumes/SSDII/Users/jz/juan.zamora@uv.cl/Research - Distributed-Parallel Clustering/2000{\_}JK00{\_}collective{\_}hier.pdf:pdf},
journal = {Lecture Notes in Computer Science},
pages = {221--244},
title = {{Collective, hierarchical clustering from distributed, heterogeneous data}},
url = {http://www.springerlink.com/index/MB4FLGRFB8F6UM7X.pdf},
volume = {1759},
year = {2000}
}

@article{KHSJ01,
  title={Distributed clustering using collective principal component analysis},
  author={Kargupta, Hillol and Huang, Weiyun and Sivakumar, Krishnamoorthy and Johnson, Erik},
  journal={Knowledge and Information Systems},
  volume={3},
  number={4},
  pages={422--448},
  year={2001},
  publisher={Springer}
}

@article{LZO03,
author = {Li, T and Zhu, S and Ogihara, M},
issn = {1088467X},
journal = {Intelligent Data Analysis Journal},
keywords = {dimensional and,orithms for clustering high},
number = {February},
pages = {1--36},
title = {{Algorithms for Clustering High Dimensional and Distributed Data}},
url = {http://www.cs.rochester.edu/{~}zsh/pub/},
volume = {7},
year = {2003}
}

@article{JKP03,
author = {Januzaj, Eshref and Kriegel, Hans-Peter and Pfeifle, Martin},
file = {:Volumes/SSDII/Users/jz/juan.zamora@uv.cl/Research - Distributed-Parallel Clustering/2003{\_}JKP03{\_}DBDC.pdf:pdf},
journal = {Workshop on Clustering Large Data Sets},
pages = {49--58},
title = {{Towards Effective and Efficient Distributed Clustering}},
url = {http://citeseerx.ist.psu.edu/viewdoc/download?doi=10.1.1.10.8869{\&}rep=rep1{\&}type=pdf},
year = {2003}
}

@article{KLM03,
abstract = {Huge amounts of data are stored in autonomous, geographically distributed sources. The discovery of previously unknown, implicit and valuable knowledge is a key aspect of the exploitation of such sources. In recent years several approaches to knowledge discovery and data mining, and in particular to clustering, have been developed, but only a few of them are designed for distributed data sources. We propose a novel distributed clustering algorithm based on non-parametric kernel density estimation, which takes into account the issues of privacy and communication costs that arise in a distributed environment.},
author = {Klusch, Matthias and Lodi, Stefano and Moro, Gianluca},
file = {:Volumes/SSDII/Users/jz/juan.zamora@uv.cl/Research - Distributed-Parallel Clustering/2003{\_}KLM03.pdf:pdf},
issn = {10450823},
journal = {IJCAI International Joint Conference on Artificial Intelligence},
pages = {485--490},
title = {{Distributed clustering based on sampling local density estimates}},
year = {2003}
}


@article{MG03,
author = {Merugu, S and Ghosh, J},
file = {:Volumes/SSDII/Users/jz/juan.zamora@uv.cl/Research - Distributed-Parallel Clustering/2003{\_}MG03.pdf:pdf},
isbn = {0769519784},
journal = {Proceedings of the 3rd IEEE International Conference on Data Mining (ICDM)},
pages = {0--7},
title = {{Privacy-preserving Distributed Clustering using Generative Models}},
year = {2003}
}

@article{JKP04,
author = {Januzaj, Eshref and Kriegel, Hans-Peter and Pfeifle, Martin},
doi = {10.1007/978-3-540-30116-5_23},
file = {:Volumes/SSDII/Users/jz/juan.zamora@uv.cl/Research - Distributed-Parallel Clustering/2004{\_}JKP04{\_}scalable{\_}density.pdf:pdf},
pages = {231--244},
title = {{Scalable Density-Based Distributed Clustering}},
url = {http://link.springer.com/10.1007/978-3-540-30116-5{\_}23},
year = {2004}
}

@article{KKPS05,
author = {Kriegel, Hans-peter and Kr, Peer and Pryakhin, Alexey and Schubert, Matthias},
file = {:Volumes/SSDII/Users/jz/juan.zamora@uv.cl/Research - Distributed-Parallel Clustering/2005{\_}KKPS05{\_}model-based{\_}clust.pdf:pdf},
title = {{Effective and Efficient Distributed Model-based Clustering}},
year = {2005}
}

@article{DDGR07,
author = {Das, Abhinandan},
file = {:Volumes/SSDII/Users/jz/Dropbox/Docs/phdwork/Massive{\_}text{\_}data{\_}clustering/papers/hashing-clustering/2007{\_}DDGR07-das{\_}datar.pdf:pdf},
isbn = {9781595936547},
keywords = {google news,mapreduce,mendation system,minhash,online recom-,plsi,scalable collaborative filtering},
pages = {271--280},
title = {{Google News Personalization : Scalable Online}},
year = {2007}
}

@article{ZLW08,
author = {Qi, Zhang and Jinze, Liu and Wei, Wang},
doi = {10.1109/ICDE.2008.4497522},
file = {:Volumes/SSDII/Users/jz/juan.zamora@uv.cl/Research - Distributed-Parallel Clustering/2008{\_}ZLW08{\_}approx{\_}dist{\_}streams.pdf:pdf},
isbn = {9781424418374},
issn = {10844627},
journal = {Proceedings - International Conference on Data Engineering},
pages = {1131--1139},
title = {{Approximate clustering on distributed data streams}},
volume = {00},
year = {2008}
}

@article{EIM11,
author = {Ene, Alina and Im, Sungin and Moseley, Benjamin},
doi = {10.1145/2020408.2020515},
isbn = {9781450308137},
journal = {Kdd},
keywords = {approximation algorithms,clustering algorithms,k-center,k-median,mapreduce,parallel algo-,rithms},
pages = {681--689},
title = {{Fast Clustering using MapReduce}},
year = {2011}
}

@book{HK11,
  title={Data mining: concepts and techniques},
  author={Han, Jiawei and Pei, Jian and Kamber, Micheline},
  year={2011},
  publisher={Elsevier}
}

@article{BMVKV12,
author = {Bahmani, Bahman and Moseley, Benjamin and Vattani, Andrea and Kumar, Ravi and Vassilvitskii, Sergei},
doi = {10.14778/2180912.2180915},
eprint = {1203.6402},
journal = {Proceedings of the VLDB Endowment (PVLDB)},
pages = {622--633},
title = {{Scalable K-Means ++}},
volume = {5},
year = {2012}
}

@article{LBK13,
author = {Liang, Yingyu and Balcan, Maria-florina and Kanchanapally, Vandana},
file = {:Volumes/SSDII/Users/jz/juan.zamora@uv.cl/Research - Distributed-Parallel Clustering/2013{\_}LBK13{\_}distributed{\_}pca.pdf:pdf},
journal = {The Big Learning Workshop in NIPS 2013},
pages = {1--8},
title = {{Distributed PCA and k-Means Clustering}},
year = {2013}
}

@article{BEL13,
author = {Balcan, Maria Florina and Ehrlich, Steven and Liang, Yingyu},
eprint = {arXiv:1306.0604v3},
journal = {Advances in Neural Information Processing Systems 26 (NIPS 2013)},
pages = {1--9},
title = {{Distributed k -Means and k -Median Clustering on General Topologies}},
year = {2013}
}


@article{NC14,
author = {Naldi, M. C. and Campello, R. J G B},
doi = {10.1016/j.neucom.2013.05.046},
journal = {Neurocomputing},
keywords = {Distributed clustering,Distributed data mining,Evolutionary k-means},
pages = {30--42},
publisher = {Elsevier},
title = {{Evolutionary k-means for distributed data sets}},
url = {http://dx.doi.org/10.1016/j.neucom.2013.05.046},
volume = {127},
year = {2014}
}


@article{JCHAC15,
author = {Jin, Chen and Chen, Zhengzhang and Hendrix, William and Agrawal, Ankit and Choudhary, Alok},
file = {:Volumes/SSDII/Users/jz/juan.zamora@uv.cl/Research - Distributed-Parallel Clustering/2015{\_}JCHAC15{\_}incremental{\_}single-linkage.pdf:pdf},
isbn = {978-1-5108-0101-1},
issn = {07359276},
journal = {Proceedings of the Symposium on High Performance Computing},
keywords = {MapReduce,hierarchical clustering,incremental hierarchical clustering},
pages = {83--92},
title = {{Incremental, Distributed Single-linkage Hierarchical Clustering Algorithm Using Mapreduce}},
url = {http://dl.acm.org/citation.cfm?id=2872599.2872610},
year = {2015}
}

@inproceedings{VVGN15,
  title={Parallel streaming signature EM-tree: A clustering algorithm for web scale applications},
  author={De Vries, Christopher Michael and De Vine, Lance and Geva, Shlomo and Nayak, Richi},
  booktitle={Proceedings of the 24th International Conference on World Wide Web},
  pages={216--226},
  year={2015},
  organization={ACM}
}
